@book{应用随机分析,
	author    = {刘 勇},
	title     = {应用随机分析部分讲义2024版},
	year      = {2024},
	publisher = {}
}
@book{应用随机过程,
	author    = {李东风},
	title     = {应用随机过程},
	year      = {2025},
	publisher = {}
}